<record><leader>00000cas a2200000 a 4500</leader><controlfield tag="001">30416875</controlfield><controlfield tag="008">940511d19121914iludn ne      0   a0eng c</controlfield><datafield ind1=" " ind2=" " tag="010"><subfield code="a">sn 94054261 </subfield></datafield><datafield ind1=" " ind2=" " tag="040"><subfield code="a">NVF</subfield><subfield code="b">eng</subfield><subfield code="c">NVF</subfield><subfield code="d">CVF</subfield><subfield code="d">OCLCQ</subfield><subfield code="d">OCLCF</subfield><subfield code="d">NVF</subfield><subfield code="d">OCLCO</subfield></datafield><datafield ind1="1" ind2=" " tag="029"><subfield code="a">AU@</subfield><subfield code="b">000010972617</subfield></datafield><datafield ind1=" " ind2=" " tag="042"><subfield code="a">pcc</subfield></datafield><datafield ind1=" " ind2=" " tag="043"><subfield code="a">n-us-il</subfield></datafield><datafield ind1="0" ind2="4" tag="245"><subfield code="a">The Evanston daily news.</subfield></datafield><datafield ind1=" " ind2=" " tag="260"><subfield code="a">Evanston, Ill. :</subfield><subfield code="b">Evanston News Pub. Co.,</subfield><subfield code="c">1912-1914.</subfield></datafield><datafield ind1=" " ind2=" " tag="300"><subfield code="a">v.</subfield></datafield><datafield ind1=" " ind2=" " tag="310"><subfield code="a">Daily (except Sunday)</subfield></datafield><datafield ind1="0" ind2=" " tag="362"><subfield code="a">Vol. 3, no. 1 (Jan. 11, 1912)-v. 3, no. 298 (Dec. 28, 1912) ; vol. 1, no. 299 (Dec. 29, 1912)-v. 3, no. 289 (Dec. 18, 1914).</subfield></datafield><datafield ind1=" " ind2=" " tag="580"><subfield code="a">Merged with: Evanston index, to form: Evanston news-index.</subfield></datafield><datafield ind1=" " ind2="0" tag="651"><subfield code="a">Evanston (Ill.)</subfield><subfield code="v">Newspapers.</subfield></datafield><datafield ind1=" " ind2="7" tag="651"><subfield code="a">Illinois</subfield><subfield code="z">Evanston.</subfield><subfield code="2">fast</subfield><subfield code="0">(OCoLC)fst01204903</subfield></datafield><datafield ind1=" " ind2="7" tag="655"><subfield code="a">Newspapers.</subfield><subfield code="2">fast</subfield><subfield code="0">(OCoLC)fst01423814</subfield></datafield><datafield ind1=" " ind2=" " tag="752"><subfield code="a">United States</subfield><subfield code="b">Illinois</subfield><subfield code="c">Cook</subfield><subfield code="d">Evanston.</subfield></datafield><datafield ind1="0" ind2=" " tag="775"><subfield code="t">Evanston news (Evanston, Ill.)</subfield><subfield code="w">(DLC)sn 94054550</subfield><subfield code="w">(OCoLC)30910433</subfield></datafield><datafield ind1="1" ind2="7" tag="785"><subfield code="t">Evanston index</subfield><subfield code="w">(DLC)sn 82015363</subfield><subfield code="w">(OCoLC)8807816</subfield></datafield><datafield ind1="1" ind2="7" tag="785"><subfield code="t">Evanston news-index</subfield><subfield code="w">(DLC)sn 93057113</subfield><subfield code="w">(OCoLC)28641952</subfield></datafield></record>